% Encoding: UTF-8
@article{fischer2004,
  title={Meta-design: a manifesto for end-user development},
  author={Fischer, Gerhard and Giaccardi, Elisa and Ye, Yunwen and Sutcliffe, Alistair G and Mehandjiev, Nikolay},
  journal={Communications of the ACM},
  volume={47},
  number={9},
  pages={33--37},
  year={2004},
  publisher={ACM}
}

@article{metodoAgil,
author = {Subhas Misra and Vinod Kumar and Uma Kumar and Kamel Fantazy and Mahmud Akhter},
title = {Agile software development practices: evolution, principles, and criticisms},
journal = {International Journal of Quality \& Reliability Management},
volume = {29},
number = {9},
pages = {972-980},
year = {2012}
}

@article{ferreira2015,
  title={Arquitetutura da informa{\c{c}}{\~a}o no desenvolvimento de aplica{\c{c}}{\~a}o web},
  author={Ferreira, Guilherme Fischmann},
  year={2015}
}

@book{caseStudySE,
 author = {Runeson, Per and Host, Martin and Rainer, Austen and Regnell, Bjorn},
 title = {Case Study Research in Software Engineering: Guidelines and Examples},
 year = {2012},
 isbn = {1118104358, 9781118104354},
 edition = {1st},
 publisher = {Wiley Publishing},
} 

@article{silva2010kanban,
  title={Os benef{\'\i}cios do uso de Kanban na ger{\^e}ncia de projetos de manuten{\c{c}}{\~a}o de software},
  author={Silva, Diogo Vin{\'\i}cius de S and Santos, F Alan de O and Neto, Pedro Santos},
  journal={The Standish Group: CHAOS Summary for},
  year={2010}
}

@book{agile2014,
  title={Learning Agile: Understanding Scrum, XP, Lean, and Kanban},
  author={Stellman, A. and Greene, J.},
  isbn={9781449363857},
  year={2014},
  publisher={O'Reilly Media}
}

@inproceedings{scrum2005,
  title={Agile Software Project Management with Scrum},
  author={Mahnic, Viljan and Drnovscek, Slavko},
  booktitle={EUNIS 2005 Conference--Session papers and tutorial abstracts},
  year={2005},
  organization={Citeseer}
}

@misc{agileMethods,
	title={Agile Methodologies},
	author={University of Missouri-St. Louis},
	year={2009},
	howpublished={\url{http://www.umsl.edu/~sauterv/analysis/6840_f09_papers/Nat/Agile.html}}
}

@misc{slideTCU,
	title={Um modelo de desenvolvimento descentralizado de sistemas: dando poder ao usuario e ampliando a Governaca de TI},
	author={Carvalho, Paulo},
	year={2011},
	howpublished={\url{http://portal2.tcu.gov.br/portal/pls/portal/docs/2395121.PPT}}
}

@misc{oracleApex,
	title={Oracle Application Express 5.0 Overview},
	author={Oracle},
	year={2015},
	howpublished={\url{http://www.oracle.com/technetwork/developer-tools/apex/learnmore/apex-50-overview-2526922.pdf}}
}

@book{yin2001estudo,
  title={Estudo de caso: planejamento e m{\'e}todos},
  author={Yin, R.K.},
  isbn={9788536304625},
  year={2001},
  publisher={Bookman}
}

@article{artigoTcuGovTI,
  title={IT GOVERNANCE SOLUTION FOR THE INFORMATION TECHNOLOGY (IT) AREA OF BRAZILIAN PUBLIC FEDERAL SECTOR.},
  author={Videira, Odnalro and Figueiredo, Rejane and Venson, Elaine},
  year={2014},
  publisher={CONTECSI}
}

@inproceedings{scaffidi2005,
  title={Estimating the numbers of end users and end user programmers},
  author={Scaffidi, Christopher and Shaw, Mary and Myers, Brad},
  booktitle={Visual Languages and Human-Centric Computing, 2005 IEEE Symposium on},
  pages={207--214},
  year={2005},
  organization={IEEE}
}

@book{gil2002,
  title={Como elaborar projetos de pesquisa},
  author={Gil, A.C.G.I.L.},
  isbn={8522431968},
  year={2002},
  publisher={Atlas}
}

@article{paterno2013,
  title={End user development: Survey of an emerging field for empowering people},
  author={Patern{\`o}, Fabio},
  journal={ISRN Software Engineering},
  volume={2013},
  year={2013},
  publisher={Hindawi Publishing Corporation}
}

@book{lieberman2006,
  title={End-user development: An emerging paradigm},
  author={Lieberman, Henry and Patern{\`o}, Fabio and Klann, Markus and Wulf, Volker},
  year={2006},
  publisher={Springer}
}

@article{randolph2009,
  title={A guide to writing the dissertation literature review},
  author={Randolph, Justus J},
  journal={Practical Assessment, Research \& Evaluation},
  volume={14},
  number={13},
  pages={1--13},
  year={2009},
  publisher={Dr. Lawrence M. Rudner}
}
@Article{,
}

@InProceedings{Faily2008,
  author     = {Faily, S.},
  title      = {Towards {Requirements} {Engineering} {Practice} for {Professional} {End} {User} {Developers}: {A} {Case} {Study}},
  booktitle  = {Requirements {Engineering} {Education} and {Training}, 2008. {REET} '08.},
  year       = {2008},
  pages      = {38--44},
  month      = sep,
  abstract   = {End-user development has received a lot of attention in the research community. Despite the importance of requirements engineering in the software development life-cycle, comparatively little exists in the way of prescriptive advice or case studies on both requirements engineering and end-user development. This paper argues that end-user developers can obtain practical benefit by adopting professional requirements engineering practices. We report on how these practices were fostered within a workplace environment and illustrate that evaluating the effectiveness of teaching such practices can lead to a better understanding of the relationship between end-user development and software engineering in general.},
  doi        = {10.1109/REET.2008.8},
  file       = {IEEE Xplore Abstract Record:files/6/login.html:text/html},
  keywords   = {Application software, Computational modeling, Computer languages, Computer science, Education, Employment, Laboratories, Maintenance engineering, product life cycle management, professional end user developers, Programming, requirements engineering, software development life-cycle, software engineering, systems analysis, teaching},
  shorttitle = {Towards {Requirements} {Engineering} {Practice} for {Professional} {End} {User} {Developers}},
}

@Comment{jabref-meta: databaseType:bibtex;}


@article{tripp2005pesquisa,
	title={Pesquisa-a{\c{c}}{\~a}o: uma introdu{\c{c}}{\~a}o metodol{\'o}gica},
	author={Tripp, David},
	journal={Educa{\c{c}}{\~a}o e pesquisa},
	volume={31},
	number={3},
	pages={443--466},
	year={2005},
	publisher={SciELO Brasil}
}

@article{coughlan2002action,
	title={Action research for operations management},
	author={Coughlan, Paul and Coghlan, David},
	journal={International journal of operations \& production management},
	volume={22},
	number={2},
	pages={220--240},
	year={2002},
	publisher={MCB UP Ltd}
}

@article{gunther2006pesquisa,
	title={Pesquisa qualitativa versus pesquisa quantitativa: esta {\'e} a quest{\~a}o},
	author={G{\"u}nther, Hartmut},
	journal={Psicologia: teoria e pesquisa},
	volume={22},
	number={2},
	pages={201--210},
	year={2006},
	publisher={SciELO Brasil}
}

@article{moresi2003metodologia,
	title={Metodologia da pesquisa},
	author={Moresi, Eduardo and others},
	journal={Bras{\'\i}lia: Universidade Cat{\'o}lica de Bras{\'\i}lia},
	volume={108},
	year={2003}
}

@incollection{thiollent2011metodologia,
	title={Metodologia da pesquisa-a{\c{c}}{\~a}o},
	author={Thiollent, Michel},
	booktitle={Metodologia da pesquisa-a{\c{c}}{\~a}o},
	year={2011},
	publisher={Cortez}
}

@book{thiollent2009pesquisa,
	title={Pesquisa-a{\c{c}}{\~a}o nas organiza{\c{c}}{\~o}es},
	author={Thiollent, Michel},
	year={2009},
	publisher={Atlas}
}

@article{trivinos2009introduccao,
	title={Introdu{\c{c}}{\~a}o {\`a} pesquisa em ci{\^e}ncias sociais: a pesquisa qualitativa em educa{\c{c}}{\~a}o. S{\~a}o Paulo: Atlas, 1987},
	author={TRIVI{\~N}OS, Augusto Nibaldo Silva},
	journal={Outros n{\'u}meros do Informe Rural ETENE: ANO},
	volume={3},
	year={2009}
}

@incollection{marconi2010fundamentos,
	title={Fundamentos de metodologia cient{\'\i}fica},
	author={Marconi, Marina de Andrade and Lakatos, Eva Maria},
	booktitle={Fundamentos de metodologia cient{\'\i}fica},
	year={2010},
	publisher={Atlas}
}

@article{blackwell2003notational,
	title={Notational systems--the cognitive dimensions of notations framework},
	author={Blackwell, Alan and Green, Thomas},
	journal={HCI Models, Theories, and Frameworks: Toward an Interdisciplinary Science. Morgan Kaufmann},
	year={2003}
}

@article{ko2011state,
	title={The state of the art in end-user software engineering},
	author={Ko, Andrew J and Abraham, Robin and Beckwith, Laura and Blackwell, Alan and Burnett, Margaret and Erwig, Martin and Scaffidi, Chris and Lawrance, Joseph and Lieberman, Henry and Myers, Brad and others},
	journal={ACM Computing Surveys (CSUR)},
	volume={43},
	number={3},
	pages={21},
	year={2011},
	publisher={ACM}
}

@book{nardi1993small,
	title={A small matter of programming: perspectives on end user computing},
	author={Nardi, Bonnie A},
	year={1993},
	publisher={MIT press}
}

@article{panko1998we,
	title={What we know about spreadsheet errors},
	author={Panko, Raymond R},
	journal={Journal of Organizational and End User Computing (JOEUC)},
	volume={10},
	number={2},
	pages={15--21},
	year={1998},
	publisher={IGI Global}
}

@article{burnett2010technology,
	title={Technology and literacy in early childhood educational settings: A review of research},
	author={Burnett, Cathy},
	journal={Journal of Early Childhood Literacy},
	volume={10},
	number={3},
	pages={247--270},
	year={2010},
	publisher={SAGE Publications}
}

@inproceedings{blackwell2002first,
	title={First steps in programming: A rationale for attention investment models},
	author={Blackwell, Alan F},
	booktitle={Human Centric Computing Languages and Environments, 2002. Proceedings. IEEE 2002 Symposia on},
	pages={2--10},
	year={2002},
	organization={IEEE}
}

@article{rosson1984effects,
	title={Effects of experience on learning, using, and evaluating a text editor},
	author={Rosson, Mary Beth},
	journal={Human Factors: The Journal of the Human Factors and Ergonomics Society},
	volume={26},
	number={4},
	pages={463--475},
	year={1984},
	publisher={SAGE Publications}
}

@inproceedings{costabile2006supporting,
	title={Supporting interaction and co-evolution of users and systems},
	author={Costabile, Maria Francesca and Piccinno, Antonio and Fogli, Daniela and Marcante, Andrea},
	booktitle={Proceedings of the working conference on Advanced visual interfaces},
	pages={143--150},
	year={2006},
	organization={ACM}
}

@incollection{fischer2006meta,
	title={Meta-design: A framework for the future of end-user development},
	author={Fischer, Gerhard and Giaccardi, Elisa},
	booktitle={End user development},
	pages={427--457},
	year={2006},
	publisher={Springer}
}

@article{morch2000tailoring,
	title={Tailoring as collaboration: The mediating role of multiple representations and application units},
	author={M{\o}rch, Anders I and Mehandjiev, Nikolay D},
	journal={Computer Supported Cooperative Work (CSCW)},
	volume={9},
	number={1},
	pages={75--100},
	year={2000},
	publisher={Springer}
}

@article{burnett10,
	title={10. End-User Development},
	author={Burnett, Margaret M and Scaffidi, Christopher}
}

@article{bandini2006eud,
	title={EUD as integration of components off-the-shelf},
	author={BANDINI, STEFANIA and SIMONE, CARLA},
	journal={Proceedings of the End-User Development},
	pages={183--205},
	year={2006}
}

@book{powell2008management,
	title={Management Science: The Art Of Modeling With Spreadsheets, (W/Cd)},
	author={Powell, Stephen G and Barker, Kenneth R},
	year={2008},
	publisher={John Wiley \& Sons}
}

@article{fisher2006integrating,
	title={Integrating automated test generation into the WYSIWYT spreadsheet testing methodology},
	author={Fisher II, Marc and Rothermel, Gregg and Brown, Darren and Cao, Mingming and Cook, Curtis and Burnett, Margaret},
	journal={ACM Transactions on Software Engineering and Methodology (TOSEM)},
	volume={15},
	number={2},
	pages={150--194},
	year={2006},
	publisher={ACM}
}

@article{rosson2013end,
	title={End-User Development},
	author={Rosson, M and Burnett, M and Scaffidic, C},
	journal={The Encyclopedia of Human-Computer Interaction. The Interaction Design Foundation},
	year={2013},
	publisher={Springer}
}

@inproceedings{wilson2003harnessing,
	title={Harnessing curiosity to increase correctness in end-user programming},
	author={Wilson, Aaron and Burnett, Margaret and Beckwith, Laura and Granatir, Orion and Casburn, Ledah and Cook, Curtis and Durham, Mike and Rothermel, Gregg},
	booktitle={Proceedings of the SIGCHI conference on Human factors in computing systems},
	pages={305--312},
	year={2003},
	organization={ACM}
}

@inproceedings{leshed2008coscripter,
	title={CoScripter: automating \& sharing how-to knowledge in the enterprise},
	author={Leshed, Gilly and Haber, Eben M and Matthews, Tara and Lau, Tessa},
	booktitle={Proceedings of the SIGCHI Conference on Human Factors in Computing Systems},
	pages={1719--1728},
	year={2008},
	organization={ACM}
}

@inproceedings{kissinger2006supporting,
	title={Supporting end-user debugging: what do users want to know?},
	author={Kissinger, Cory and Burnett, Margaret and Stumpf, Simone and Subrahmaniyan, Neeraja and Beckwith, Laura and Yang, Sherry and Rosson, Mary Beth},
	booktitle={Proceedings of the working conference on Advanced visual interfaces},
	pages={135--142},
	year={2006},
	organization={ACM}
}

@inproceedings{koesnandar2008using,
	title={Using assertions to help end-user programmers create dependable web macros},
	author={Koesnandar, Andhy and Elbaum, Sebastian and Rothermel, Gregg and Hochstein, Lorin and Scaffidi, Christopher and Stolee, Kathryn T},
	booktitle={Proceedings of the 16th ACM SIGSOFT International Symposium on Foundations of software engineering},
	pages={124--134},
	year={2008},
	organization={ACM}
}

@inproceedings{scaffidi2008topes,
	title={Topes: reusable abstractions for validating data},
	author={Scaffidi, Christopher and Myers, Brad and Shaw, Mary},
	booktitle={Proceedings of the 30th international conference on Software engineering},
	pages={1--10},
	year={2008},
	organization={ACM}
}

@article{scaffidi2010using,
	title={Using traits of web macro scripts to predict reuse},
	author={Scaffidi, Chris and Bogart, Chris and Burnett, Margaret and Cypher, Allen and Myers, Brad and Shaw, Mary},
	journal={Journal of Visual Languages \& Computing},
	volume={21},
	number={5},
	pages={277--291},
	year={2010},
	publisher={Elsevier}
}

@inproceedings{mackay1990patterns,
	title={Patterns of sharing customizable software},
	author={Mackay, Wendy E},
	booktitle={Proceedings of the 1990 ACM conference on Computer-supported cooperative work},
	pages={209--221},
	year={1990},
	organization={ACM}
}

@inproceedings{oney2009firecrystal,
	title={FireCrystal: Understanding interactive behaviors in dynamic web pages},
	author={Oney, Stephen and Myers, Brad},
	booktitle={2009 IEEE Symposium on Visual Languages and Human-Centric Computing (VL/HCC)},
	pages={105--108},
	year={2009},
	organization={IEEE}
}

@incollection{rosson2005minimalist,
	title={Minimalist Design for Informal Learning in Community Computing},
	author={Rosson, Mary Beth and Carroll, John M},
	booktitle={Communities and Technologies 2005},
	pages={75--94},
	year={2005},
	publisher={Springer}
}

@book{lakatos1991metodologia,
	title={Metodologia cient{\'\i}fica},
	author={Lakatos, Eva Maria and de Andrade Marconi, Marina},
	year={1991},
	publisher={Atlas S{\~a}o Paulo}
}

@article{gilNovaes,
	title={A pesquisa-a{\c{c}}{\~a}o participante como estrat{\'e}gia metodol{\'o}gica para o estudo do empreendedorismo social em administra{\c{c}}{\~a}o de empresas},
	author={de Novaes, Marcos Bidart Carneiro and Gil, Antonio Carlos},
	journal={Revista de Administra{\c{c}}{\~a}o Mackenzie},
	volume={10},
	number={1},
	year={2009}
}

@article{leBoterf,
	title={Pesquisa participante: propostas e reflex{\~o}es metodol{\'o}gicas},
	author={Le Boterf, Guy},
	journal={Repensando a pesquisa participante. S{\~a}o Paulo: Brasiliense},
	pages={51--81},
	year={1999}
}

@article{costaSantosTrevisan,
	title={PESQUISA A{\c{C}}{\~A}O E PARTICIPANTE: SUAS CONTRIBUI{\c{C}}{\~O}ES PARA O CONHECIMENTO CIENT{\'I}FICO},
	author={dos Santos, Luciana and da Costa, Reginaldo Rodrigues and Trevisan, Tatiana Santini}
}

@book{tozoni-Reis,
	title={A pesquisa-a{\c{c}}{\~a}o-participativa em educa{\c{c}}{\~a}o ambiental: reflex{\~o}es te{\'o}ricas},
	author={de Campos Tozoni-Reis, Mar{\'\i}lia Freitas},
	year={2007},
	publisher={Annablume}
}

@inproceedings{carneiro2010rede,
	title={Rede Interativa para a Gest{\~a}o Compartilhada da Reserva Extrativista Marinha de Arraial do Cabo},
	author={CARNEIRO, AM},
	year={2010},
	organization={CLADHE-II/AHM--HE. Simposio: Formaci{\'o}n de redes sociales y su relaci{\'o}n con la actividad econ{\'o}mica. Ciudad de M{\'e}xico}
}

@article{florianiMafra2007,
	title={Diagn{\'o}tico rural participativo para gest{\~a}o s{\'o}cio-ambiental da arauc{\'a}ria},
	author={dos Santos Floriani, Guilherme and Mafra, Sueli Heberle},
	journal={Cadernos de Agroecologia},
	volume={2},
	number={1},
	year={2007}
}

@article{marques2016photovoice,
	title={Photovoice: implica{\c{c}}{\~o}es do m{\'e}todo colaborativo para as pesquisas em Educa{\c{c}}{\~a}o F{\'\i}sica e Sa{\'u}de},
	author={Marques, Bruna and Miranda, Maria Luiza},
	journal={Revista Brasileira de Atividade F{\'\i}sica \& Sa{\'u}de},
	volume={20},
	number={6},
	pages={545},
	year={2016}
}

@article{falsborda,
	title={Reflexiones sobre la aplicaci{\'o}n del m{\'e}todo de estudio-acci{\'o}n en Colombia},
	author={Borda, Orlando Fals},
	journal={Revista Mexicana de Sociolog{\'\i}a},
	volume={35},
	number={1},
	pages={49--62},
	year={1973},
	publisher={JSTOR}
}

@article{thorsrud1970industrial,
	title={Industrial democracy in Norway},
	author={Thorsrud, Einar and Emery, Fred E},
	journal={Industrial Relations: A Journal of Economy and Society},
	volume={9},
	number={2},
	pages={187--196},
	year={1970},
	publisher={Wiley Online Library}
}

@misc{elden1979three,
	title={Three generations of worker democracy research in Norway},
	author={Elden, Max},
	journal={The Quality of Work Life in Europe},
	year={1979},
	publisher={Associate Business Press, London}
}

@book{koch2009participatory,
	title={Participatory action research in health care},
	author={Koch, Tina and Kralik, Debbie},
	year={2009},
	publisher={John Wiley \& Sons}
}

@book{mcintyre2007participatory,
	title={Participatory action research},
	author={McIntyre, Alice},
	volume={52},
	year={2007},
	publisher={Sage Publications}
}

@book{james2007participatory,
	title={Participatory action research for educational leadership: Using data-driven decision making to improve schools},
	author={James, E Alana and Milenkiewicz, Margaret T and Bucknam, Alan},
	year={2007},
	publisher={Sage Publications}
}

@book{kindon2007participatory,
	title={Participatory action research approaches and methods: Connecting people, participation and place},
	author={Kindon, Sara and Pain, Rachel and Kesby, Mike},
	year={2007},
	publisher={Routledge}
}

@book{reason2007sage,
	title={The SAGE Handbook of Action Research: Participative Inquiry and Practice},
	author={Reason, P. and Bradbury, H.},
	isbn={9781446206584},
	url={https://books.google.com.br/books?id=2fTlmcue2p0C},
	year={2007},
	publisher={SAGE Publications}
}